<record><leader>00000cas a22000007a 4500</leader><controlfield tag="001">9767173</controlfield><controlfield tag="008">830802d1851187utxuir ne      0    0eng d</controlfield><datafield ind1=" " ind2=" " tag="010"><subfield code="a">sn 83025701 </subfield></datafield><datafield ind1=" " ind2=" " tag="040"><subfield code="a">NPV</subfield><subfield code="b">eng</subfield><subfield code="c">NPV</subfield><subfield code="d">NPX</subfield><subfield code="d">NPV</subfield><subfield code="d">NPU</subfield><subfield code="d">DLC</subfield><subfield code="d">PPM</subfield><subfield code="d">DLC</subfield><subfield code="d">OCL</subfield><subfield code="d">PPM</subfield><subfield code="d">ANU</subfield><subfield code="d">DLC</subfield><subfield code="d">OCLCQ</subfield><subfield code="d">DLC</subfield><subfield code="d">OCLCQ</subfield></datafield><datafield ind1=" " ind2=" " tag="019"><subfield code="a">15086459</subfield></datafield><datafield ind1=" " ind2=" " tag="042"><subfield code="a">msc</subfield></datafield><datafield ind1="0" ind2="0" tag="050"><subfield code="a">Newspaper</subfield></datafield><datafield ind1="0" ind2="0" tag="245"><subfield code="a">Tri-weekly state gazette.</subfield></datafield><datafield ind1="3" ind2="0" tag="246"><subfield code="a">State gazette tri-weekly</subfield></datafield><datafield ind1="3" ind2="0" tag="246"><subfield code="a">Texas state gazette tri-weekly</subfield></datafield><datafield ind1="3" ind2="0" tag="246"><subfield code="a">Tri-weekly Texas state gazette</subfield></datafield><datafield ind1=" " ind2=" " tag="260"><subfield code="a">Austin, Tex. :</subfield><subfield code="b">[s.n.]</subfield></datafield><datafield ind1=" " ind2=" " tag="300"><subfield code="a">v. ;</subfield><subfield code="c">34-56 cm.</subfield></datafield><datafield ind1=" " ind2=" " tag="310"><subfield code="a">Triweekly</subfield></datafield><datafield ind1="1" ind2=" " tag="362"><subfield code="a">Began in 1851?</subfield></datafield><datafield ind1=" " ind2=" " tag="500"><subfield code="a">Published as: State gazette tri-weekly &lt;1853, 1855&gt;; Texas state gazette tri-weekly &lt;1854, 1858&gt;; Tri-weekly Texas state gazette &lt;1869&gt;.</subfield></datafield><datafield ind1=" " ind2=" " tag="515"><subfield code="a">Numbering is irregular.</subfield></datafield><datafield ind1=" " ind2=" " tag="588"><subfield code="a">Description based on: Vol. 1, no. 2 (Nov. 10, 1851).</subfield></datafield><datafield ind1=" " ind2=" " tag="752"><subfield code="a">United States</subfield><subfield code="b">Texas</subfield><subfield code="c">Travis</subfield><subfield code="d">Austin.</subfield></datafield><datafield ind1="0" ind2=" " tag="775"><subfield code="t">Texas State gazette</subfield><subfield code="w">(DLC)sn 83021321</subfield></datafield><datafield ind1="0" ind2=" " tag="775"><subfield code="t">State gazette (Austin, Tex : 1855)</subfield><subfield code="w">(DLC)sn 83025700</subfield><subfield code="w">(OCoLC)9767130</subfield></datafield><datafield ind1="0" ind2=" " tag="775"><subfield code="t">Weekly state gazette (Austin, Tex. : 1864)</subfield><subfield code="w">(DLC)sn 83021324</subfield></datafield><datafield ind1="0" ind2=" " tag="775"><subfield code="t">Daily state gazette (Austin, Tex. : 1867)</subfield><subfield code="w">(DLC)sn 83021323</subfield><subfield code="w">(OCoLC)10116835</subfield></datafield><datafield ind1="0" ind2=" " tag="775"><subfield code="t">Semi-weekly state gazette</subfield><subfield code="w">(DLC)sn 88083336</subfield></datafield><datafield ind1="0" ind2="0" tag="780"><subfield code="t">Tri-weekly gazette</subfield><subfield code="w">(DLC)sn 88083096</subfield></datafield><datafield ind1="0" ind2="5" tag="780"><subfield code="t">Texas almanac "extra"</subfield><subfield code="w">(DLC)sn 83045351</subfield></datafield><datafield ind1="1" ind2=" " tag="029"><subfield code="a">AU@</subfield><subfield code="b">000026221442</subfield></datafield></record>